<collection xmlns="http://www.loc.gov/MARC21/slim">
<record>
  <leader>01329nam0a2200265 i 450 </leader>
  <controlfield tag="001">IT\ICCU\CNCE\031144</controlfield>
  <controlfield tag="005">20080508000000.0</controlfield>
  <datafield tag="012" ind1=" " ind2=" ">
    <subfield code="a">o-a- e.a, o.o; Soch (3) 1590 (R)</subfield>
    <subfield code="2">fei</subfield>
  </datafield>
  <datafield tag="100" ind1=" " ind2=" ">
    <subfield code="a">19971202d1590        0itac0103    ba</subfield>
  </datafield>
  <datafield tag="101" ind1=" " ind2=" ">
    <subfield code="a">ITA</subfield>
  </datafield>
  <datafield tag="102" ind1=" " ind2=" ">
    <subfield code="a">IT</subfield>
  </datafield>
  <datafield tag="200" ind1="1" ind2=" ">
    <subfield code="a">Prima parte delle rime toscane, et de&apos; versi latini da diuersi autori composti, in lode di Sisto quinto, et della statua di bronzo dalla m. illust. citt ̉di Fermo dedicata  ̉s. santit,̉ et fatta da Accursio Baldi Sansouino</subfield>
  </datafield>
  <datafield tag="210" ind1=" " ind2=" ">
    <subfield code="a">A Fermo</subfield>
    <subfield code="c">presso Sertorio de&apos; Monti</subfield>
    <subfield code="d">1590</subfield>
    <subfield code="e">A Fermo</subfield>
    <subfield code="g">appresso Sertorio de&apos; Monti</subfield>
    <subfield code="h">1590</subfield>
  </datafield>
  <datafield tag="215" ind1=" " ind2=" ">
    <subfield code="a">51, \1! p.</subfield>
    <subfield code="d">4ʻ</subfield>
  </datafield>
  <datafield tag="10" ind1="I" ind2="T">
    <subfield code="I">CCU\CNCE\072934</subfield>
    <subfield code="1">2001 </subfield>
    <subfield code="a">Rime toscane</subfield>
  </datafield>
  <datafield tag="620" ind1=" " ind2=" ">
    <subfield code="a">IT</subfield>
    <subfield code="d">Fermo</subfield>
  </datafield>
  <datafield tag="702" ind1=" " ind2="1">
    <subfield code="a">Baldi,</subfield>
    <subfield code="b">Accursio</subfield>
    <subfield code="3">IT\ICCU\CNCA\018039</subfield>
  </datafield>
  <datafield tag="712" ind1="0" ind2="0">
    <subfield code="a">Monti, Sertorio</subfield>
    <subfield code="3">IT\ICCU\CNCT\000618</subfield>
    <subfield code="4">650</subfield>
  </datafield>
  <datafield tag="791" ind1="0" ind2="0">
    <subfield code="a">Montibus, Sertorius de</subfield>
    <subfield code="3">IT\ICCU\CNCT\002375</subfield>
    <subfield code="z">Monti, Sertorio</subfield>
  </datafield>
  <datafield tag="791" ind1="0" ind2="0">
    <subfield code="a">De_Monti, Sertorio</subfield>
    <subfield code="3">IT\ICCU\CNCT\002376</subfield>
    <subfield code="z">Monti, Sertorio</subfield>
  </datafield>
  <datafield tag="801" ind1=" " ind2="3">
    <subfield code="a">IT</subfield>
    <subfield code="b">ICCU</subfield>
    <subfield code="c">20201114</subfield>
  </datafield>
  <datafield tag="899" ind1=" " ind2=" ">
    <subfield code="a">Biblioteca nazionale centrale. Firenze</subfield>
    <subfield code="1">FI0098</subfield>
    <subfield code="2">CFI CF</subfield>
  </datafield>
  <datafield tag="899" ind1=" " ind2=" ">
    <subfield code="a">Biblioteca comunale Forteguerriana. Pistoia</subfield>
    <subfield code="1">PT0025</subfield>
    <subfield code="2">RT1 IE</subfield>
  </datafield>
  <datafield tag="899" ind1=" " ind2=" ">
    <subfield code="a">Biblioteca dell&apos;Accademia nazionale dei Lincei e Corsiniana. Roma</subfield>
    <subfield code="1">RM0418</subfield>
    <subfield code="2">RML 10</subfield>
  </datafield>
  <datafield tag="899" ind1=" " ind2=" ">
    <subfield code="a">Fondation Barbier-Muellerc/o Universit ̌de Genv̈e Facult ̌des lettres. Genv̈e</subfield>
    <subfield code="1">SW0001</subfield>
  </datafield>
</record>
</collection>
